<record><leader>01010cam a2200277 a 4500</leader><controlfield tag="001">1369249</controlfield><controlfield tag="008">910408s1985    it       r   i  1 0 eng d</controlfield><datafield ind1=" " ind2=" " tag="010"><subfield code="a">   87163841</subfield></datafield><datafield ind1=" " ind2=" " tag="035"><subfield code="a">ocm17228342</subfield></datafield><datafield ind1=" " ind2=" " tag="040"><subfield code="a">DLC</subfield><subfield code="b">eng</subfield><subfield code="c">DLC</subfield></datafield><datafield ind1=" " ind2=" " tag="043"><subfield code="a">d------</subfield></datafield><datafield ind1=" " ind2=" " tag="049"><subfield code="a">AEU</subfield><subfield code="b">eng</subfield></datafield><datafield ind1="0" ind2="0" tag="050"><subfield code="a">HN49.C6</subfield><subfield code="b">D57 1985</subfield></datafield><datafield ind1="0" ind2=" " tag="090"><subfield code="a">HN 49 C6 D598 1985</subfield></datafield><datafield ind1="0" ind2="0" tag="245"><subfield code="a">Directory of non-governmental organizations for rural development.</subfield></datafield><datafield ind1=" " ind2=" " tag="260"><subfield code="a">Rome :</subfield><subfield code="b">Food and Agriculture Organization of the United Nations,</subfield><subfield code="c">1985.</subfield></datafield><datafield ind1=" " ind2=" " tag="300"><subfield code="a">iii, 220 p. ;</subfield><subfield code="c">21 cm.</subfield></datafield><datafield ind1=" " ind2=" " tag="336"><subfield code="a">text</subfield><subfield code="b">txt</subfield><subfield code="2">rdacontent</subfield></datafield><datafield ind1=" " ind2=" " tag="337"><subfield code="a">unmediated</subfield><subfield code="b">n</subfield><subfield code="2">rdamedia</subfield></datafield><datafield ind1=" " ind2=" " tag="338"><subfield code="a">volume</subfield><subfield code="b">nc</subfield><subfield code="2">rdacarrier</subfield></datafield><datafield ind1=" " ind2=" " tag="500"><subfield code="a">Includes index.</subfield></datafield><datafield ind1=" " ind2=" " tag="596"><subfield code="a">38</subfield></datafield><datafield ind1=" " ind2="0" tag="650"><subfield code="a">Rural development</subfield><subfield code="v">Directories.</subfield></datafield><datafield ind1=" " ind2="0" tag="650"><subfield code="a">Rural development</subfield><subfield code="z">Developing countries</subfield><subfield code="v">Directories.</subfield></datafield><datafield ind1="2" ind2=" " tag="710"><subfield code="a">Food and Agriculture Organization of the United Nations.</subfield></datafield><datafield ind1=" " ind2=" " tag="926"><subfield code="a">HN 49 C6 D598 1985</subfield><subfield code="w">LC</subfield><subfield code="c">1</subfield><subfield code="i">000036223790</subfield><subfield code="d">12/15/1998</subfield><subfield code="l">ON_SHELF</subfield><subfield code="m">UABARD</subfield><subfield code="n">7</subfield><subfield code="p">$150.00</subfield><subfield code="r">Y</subfield><subfield code="s">Y</subfield><subfield code="t">BOOK</subfield><subfield code="u">4/23/1991</subfield><subfield code="o">.STAFF. A0055536</subfield></datafield></record>